<record><leader>00000cas a22000007a 4500</leader><controlfield tag="001">27290322</controlfield><controlfield tag="008">930119d1897190unyuwr n       0    0eng d</controlfield><datafield ind1=" " ind2=" " tag="010"><subfield code="a">sn 93063752 </subfield></datafield><datafield ind1=" " ind2=" " tag="040"><subfield code="a">NYS</subfield><subfield code="b">eng</subfield><subfield code="c">NYS</subfield><subfield code="d">OCLCQ</subfield></datafield><datafield ind1=" " ind2=" " tag="042"><subfield code="a">msc</subfield></datafield><datafield ind1="0" ind2="4" tag="245"><subfield code="a">The Locke times.</subfield></datafield><datafield ind1=" " ind2=" " tag="260"><subfield code="a">Locke, N.Y. :</subfield><subfield code="b">J.V. Teed</subfield></datafield><datafield ind1=" " ind2=" " tag="300"><subfield code="a">v.</subfield></datafield><datafield ind1=" " ind2=" " tag="310"><subfield code="a">Weekly</subfield></datafield><datafield ind1="0" ind2=" " tag="362"><subfield code="a">Vol. 1, no. 1 (Dec. 24, 1897)-</subfield></datafield><datafield ind1=" " ind2="4" tag="651"><subfield code="a">Locke (N.Y.)</subfield><subfield code="v">Newspapers.</subfield></datafield><datafield ind1=" " ind2=" " tag="752"><subfield code="a">United States</subfield><subfield code="b">New York</subfield><subfield code="c">Cayuga</subfield><subfield code="d">Locke.</subfield></datafield><datafield ind1="0" ind2="0" tag="785"><subfield code="t">Locke leader-times</subfield><subfield code="w">(DLC)sn 93063753</subfield></datafield></record>